<?xml version="1.0" encoding="UTF-8"?><collection xmlns="http://www.loc.gov/MARC21/slim"><record><leader>00502nam--2200169-i-4500</leader><controlfield tag="001">000034905</controlfield><controlfield tag="002">20161230</controlfield><controlfield tag="005">20161230201040</controlfield><controlfield tag="008">060222s1000------------r-----000-0-eng-d</controlfield><datafield ind1=" " ind2=" " tag="040"><subfield code="a">IFIN-HH</subfield></datafield><datafield ind1=" " ind2=" " tag="080"><subfield code="a">531.01:518.5</subfield></datafield><datafield ind1="1" ind2=" " tag="100"><subfield code="a">Roseau, Maurice</subfield></datafield><datafield ind1="1" ind2="0" tag="245"><subfield code="a">North-holland series in applied mathematics and mechanics. vol. 20. asymptotic wave theory</subfield><subfield code="c">Maurice roseau</subfield></datafield><datafield ind1=" " ind2=" " tag="260"><subfield code="a">Amsterdam</subfield><subfield code="b">North-holland Publ.Co</subfield><subfield code="c">1976</subfield></datafield><datafield ind1=" " ind2=" " tag="300"><subfield code="a">X+349P</subfield></datafield><datafield ind1=" " ind2=" " tag="852"><subfield code="a">35889</subfield><subfield code="c">53.02</subfield></datafield><datafield ind1=" " ind2=" " tag="CAT"><subfield code="a">Sys</subfield><subfield code="c">20151021</subfield><subfield code="h">111010</subfield></datafield></record></collection>